<?xml version="1.0" encoding="UTF-8"?>
<?xml-stylesheet type="text/xsl" href="https://www.revistas.usp.br/lib/pkp/xml/oai2.xsl" ?>
<OAI-PMH xmlns="http://www.openarchives.org/OAI/2.0/" xmlns:xsi="http://www.w3.org/2001/XMLSchema-instance" xsi:schemaLocation="http://www.openarchives.org/OAI/2.0/ http://www.openarchives.org/OAI/2.0/OAI-PMH.xsd">
<responseDate>2023-08-07T14:50:38Z</responseDate>
<request verb="ListRecords" metadataPrefix="marcxml" set="actafisiatrica">https://www.revistas.usp.br/actafisiatrica/oai</request>
<ListRecords>
<record>
<header>
<identifier>oai:revistas.usp.br:article/202158</identifier>
<datestamp>2022-11-30T19:50:56Z</datestamp>
<setSpec>actafisiatrica:Edit</setSpec>
<setSpec>driver</setSpec>
</header>
<metadata>
<record xmlns="http://www.loc.gov/MARC21/slim" xmlns:xsi="http://www.w3.org/2001/XMLSchema-instance" xsi:schemaLocation="http://www.loc.gov/MARC21/slim http://www.loc.gov/standards/marcxml/schema/MARC21slim.xsd">
<leader>     nmb a2200000Iu 4500</leader>
<controlfield tag="008">"220927 2022                        eng  "</controlfield>
<datafield tag="022" ind1="#" ind2="#">
<subfield code="$a">2317-0190</subfield>
</datafield>
<datafield tag="022" ind1="#" ind2="#">
<subfield code="$a">0104-7795</subfield>
</datafield>
<datafield tag="042" ind1=" " ind2=" ">
<subfield code="a">dc</subfield>
</datafield>
<datafield tag="245" ind1="0" ind2="0">
<subfield code="a">Um olhar na fronteira da reabilitação no 16° Congresso Mundial da International Society of Physical and Rehabilitation Medicine - ISPRM 2022 </subfield>
</datafield>  <datafield tag="720" ind1="1" ind2=" ">
<subfield code="a">Helfenstein, Thomas</subfield>
<subfield code="u">Universidade de São Paulo. Faculdade de Medicina. Hospital das Clínicas. Instituto de Medicina Física e Reabilitação</subfield></datafield>
<datafield tag="720" ind1="1" ind2=" ">
<subfield code="a">Costa, Thadeu Rocha da</subfield>
<subfield code="u">Universidade de São Paulo. Faculdade de Medicina. Hospital das Clínicas. Instituto de Medicina Física e Reabilitação</subfield></datafield>
<datafield tag="720" ind1="1" ind2=" ">
<subfield code="a">Imamura, Marta</subfield>
<subfield code="u">Universidade de São Paulo. Faculdade de Medicina. Departamento de Medicina Legal, Bioética, Medicina do Trabalho e Medicina Física e Reabilitação </subfield></datafield>
<datafield tag="520" ind1=" " ind2=" ">
<subfield code="a">Diferentemente do ano de 2021, marcado pela vigência da pandemia COVID-19 que limitou o deslocamento dos participantes, o congresso mundial transcorreu no modelo totalmente online, integrando a viabilidade do evento e a relevância das iniciativas de cada palestrante nas suas diversas atuações e principalmente nas interferências da reabilitação nos pacientes diagnosticados com COVID-19. Já o ano de 2022 foi marcado pelo grande reencontro dos membros da Sociedade Internacional de Medicina Física e Reabilitação (ISPRM), residentes médicos da especialidade e dos diversos profissionais interessados nesta temática.  A grandiosidade do evento mundial de 3 a 7 julho de 2022, realizado em Lisboa, Portugal, foi marcada pelo intensivo envolvimento dos membros da sociedade em um formato inédito de unificar 3 grandes eventos em um só momento, o 16° Congresso Mundial (ISPRM), o 23° Congresso Europeu (ESPRM) e o 22° Congresso Português (SPMFR). Essa iniciativa contribuiu para motivar não só no âmbito regional, mas também impactou a relevância da Medicina Física e Reabilitação (MFR) em um planeta que vem sofrendo com as diversas sequelas do COVID-19, da importância das diferentes formas de reabilitação e dos tratamentos das inúmeras patologias como incapacidade motora, acidentes vasculares, espasticidade, síndrome miofascial e dores crônicas.    Em pleno verão europeu com mais de 3 mil profissionais da área da saúde vindos de todos os continentes, focados tanto em educação quanto na formação e inspirando a evolução da MFR mundial. Foi agregador desde o início com a calorosa acolhida na cerimônia de abertura pelos celebres Tedros Adhanom Ghebreyesus, diretor da OMS e do Presidente de Portugal, Marcelo Nuno Duarte Rebelo de Sousa.  Brilhantemente homenageado pela crucial atuação diante de um episódio de guerra iniciada em fevereiro de 2022, o Dr. Volodymyr Golyk, Ministro da Saúde, Chefe do Departamento de Reabilitação, Co-fundador da Sociedade Ucraniana de MFR foi lembrado pelo protagonismo da reabilitação dentro de uma crise humanitária.  O evento contou com uma rica discussão com mais de 34 workshops e mais de 50 palestras imersivas sobre diversas áreas da reabilitação desde neuromodulação, técnicas de ultrassonografia até reabilitação cardiovascular em terapia intensiva. Com mais de 1.200 artigos científicos exibidos de maneira temática distribuídos nos seguintes assuntos: distúrbios musculoesqueléticos e do sistema nervoso, pessoas com COVID-19, espasticidade, intervenções em saúde, amputações, câncer, doenças ortopédicas, novas tecnologias e robótica, pessoas em envelhecimento, distúrbios da coluna vertebral, doenças pediátricas. Um total de 200 artigos foram selecionados para uma sessão dedicada as curtas apresentações orais no salão de exposição integrando os participantes dos eventos e favorecendo o empenho acadêmico, científico e do inesquecível networking.  Houve fortalecimento da participação no fórum da juventude, a criação de grupos de trabalho, comitês e dos Grupos de Interesse Especial, como por exemplo, o PAIN SIG, atuando como facilitador e disseminador de troca de conhecimentos e habilidades entre os aspirantes da MFR, os especialistas e os pesquisadores no contexto sobre dor crônica.  O encerramento foi uma enorme demonstração de força e engajamento das vanguardas da fisiatria mundial como o Dr. John Melvin e a Dra. Linamara Rizzo Battistella para a juventude que seguirá nessa fronteira de cuidados na reabilitação. Eles trouxeram as diversas experiências do que já se fez e do que deveríamos ter feito enquanto sociedade, revivendo a construção dos alicerces da ISPRM que desde 1999 atua como Organização Não Governamental (ONG) que visa melhorar continuamente a prática da MFR e facilitar o nosso acesso as organizações internacionais de saúde com o objetivo de contribuir para o melhor funcionamento e qualidade da vida das pessoas com deficiência.  O evento também foi uma oportunidade de  reforçar as expectativas de quanto o mundo moderno se mostra conectado em plataformas digitais que aproximam os pacientes dos fisiatras que acreditam em modelos de cuidado multiprofissional, expandindo a relação de confiança entre médicos e pacientes, desenvolvendo um atendimento humanizado respaldado em evidências científicas. </subfield>
</datafield>
<datafield tag="260" ind1=" " ind2=" ">
<subfield code="b">Faculdade de Medicina, Universidade de São Paulo</subfield>
</datafield>
<dataField tag="260" ind1=" " ind2=" ">
<subfield code="c">2022-09-27 11:51:32</subfield>
</dataField>   <datafield tag="856" ind1=" " ind2=" ">
<subfield code="q">application/pdf</subfield>
</datafield>
<datafield tag="856" ind1="4" ind2="0">
<subfield code="u">https://www.revistas.usp.br/actafisiatrica/article/view/202158</subfield>
</datafield>  <datafield tag="786" ind1="0" ind2=" ">
<subfield code="n">Acta Fisiátrica; v. 29 n. 3 (2022)</subfield>
</datafield>  <datafield tag="546" ind1=" " ind2=" ">
<subfield code="a">por</subfield>
</datafield>   <datafield tag="540" ind1=" " ind2=" ">
<subfield code="a">Copyright (c) 2022 Acta Fisiátrica</subfield>
</datafield>
</record>
</metadata>
</record>