
<record>
<header>
<identifier>oai:revistas.usp.br:article/202428</identifier>
<datestamp>2023-08-01T18:35:06Z</datestamp>
<setSpec>actafisiatrica:Art.+Orig.</setSpec>
<setSpec>driver</setSpec>
</header>
<metadata>
<record xmlns="http://www.loc.gov/MARC21/slim" xmlns:xsi="http://www.w3.org/2001/XMLSchema-instance" xsi:schemaLocation="http://www.loc.gov/MARC21/slim http://www.loc.gov/standards/marcxml/schema/MARC21slim.xsd">
<leader>     nmb a2200000Iu 4500</leader>
<controlfield tag="008">"230630 2023                        eng  "</controlfield>
<datafield tag="022" ind1="#" ind2="#">
<subfield code="$a">2317-0190</subfield>
</datafield>
<datafield tag="022" ind1="#" ind2="#">
<subfield code="$a">0104-7795</subfield>
</datafield>
<datafield tag="042" ind1=" " ind2=" ">
<subfield code="a">dc</subfield>
</datafield>
<datafield tag="245" ind1="0" ind2="0">
<subfield code="a">Treino de marcha robótica em pacientes com paralisia cerebral: uma análise retrospectiva</subfield>
</datafield>  <datafield tag="720" ind1="1" ind2=" ">
<subfield code="a">Maglione, Andréa Vancetto</subfield>
<subfield code="u">Associação de Assistência à Criança Deficiente</subfield><subfield code="0">https://orcid.org/0000-0003-0441-1838</subfield></datafield>
<datafield tag="720" ind1="1" ind2=" ">
<subfield code="a">Galvão, Maria Cristina dos Santos</subfield>
<subfield code="u">Associação de Assistência à Criança Deficiente</subfield></datafield>
<datafield tag="720" ind1="1" ind2=" ">
<subfield code="a">Ozu, Márcia Harumi Uema</subfield>
<subfield code="u">Associação de Assistência à Criança Deficiente</subfield><subfield code="0">https://orcid.org/0000-0002-1631-8449</subfield></datafield>
<datafield tag="720" ind1="1" ind2=" ">
<subfield code="a">Misao, Maria Harue</subfield>
<subfield code="u">Associação de Assistência à Criança Deficiente</subfield><subfield code="0">https://orcid.org/0000-0002-1631-8449</subfield></datafield>
<datafield tag="720" ind1="1" ind2=" ">
<subfield code="a">Narumia, Lisa Carla</subfield>
<subfield code="u">Associação de Assistência à Criança Deficiente</subfield><subfield code="0">https://orcid.org/0000-0002-0538-1266</subfield></datafield>
<datafield tag="520" ind1=" " ind2=" ">
<subfield code="a"> Objective: The present study sought to retrospectively evaluate the efficacy of robotic gait training in children with cerebral palsy (CP) gross motor function classification system (GMFCS) levels II, III and IV. Method: The medical records from 69 patients with CP, who participated in the Lokomat® protocol, were analyzed using a retrospective approach. The results from the Gross Motor Function Measure (GMFM), 6-minute walk test (6MinWT), 10-meter walk test (10MWT) and Timed Up and Go (TUG) test were analyzed before and after the protocol was administered. Results:  An improvement in GMFM was observed for all GMFCS levels. GMFCS level III patients showed a significant improvement in the 6MinWT (p= 0.01), and GMFCS level IV patients displayed a significant improvement in GMFM dimension B (p= 0.03). All tests showed a significant improvement when compared to their performance before the application of the protocol. Conclusion: The study suggests that all patients diagnosed with CP benefit from gait training, using the Lokomat® system, within their expected motor frame. </subfield>
</datafield>
<datafield tag="260" ind1=" " ind2=" ">
<subfield code="b">Faculdade de Medicina, Universidade de São Paulo</subfield>
</datafield>
<dataField tag="260" ind1=" " ind2=" ">
<subfield code="c">2023-06-30 00:00:00</subfield>
</dataField>   <datafield tag="856" ind1=" " ind2=" ">
<subfield code="q">application/pdf</subfield>
</datafield>
<datafield tag="856" ind1="4" ind2="0">
<subfield code="u">https://www.revistas.usp.br/actafisiatrica/article/view/202428</subfield>
</datafield>  <datafield tag="786" ind1="0" ind2=" ">
<subfield code="n">Acta Fisiátrica; v. 30 n. 2 (2023)</subfield>
</datafield>  <datafield tag="546" ind1=" " ind2=" ">
<subfield code="a">eng</subfield>
</datafield>   <datafield tag="540" ind1=" " ind2=" ">
<subfield code="a">Copyright (c) 2023 Acta Fisiátrica</subfield>
</datafield>
</record>
</metadata>
</record>