
<record>
<header>
<identifier>oai:revistas.usp.br:article/203003</identifier>
<datestamp>2023-07-31T18:14:45Z</datestamp>
<setSpec>actafisiatrica:Art.+Orig.</setSpec>
<setSpec>driver</setSpec>
</header>
<metadata>
<record xmlns="http://www.loc.gov/MARC21/slim" xmlns:xsi="http://www.w3.org/2001/XMLSchema-instance" xsi:schemaLocation="http://www.loc.gov/MARC21/slim http://www.loc.gov/standards/marcxml/schema/MARC21slim.xsd">
<leader>     nmb a2200000Iu 4500</leader>
<controlfield tag="008">"230331 2023                        eng  "</controlfield>
<datafield tag="022" ind1="#" ind2="#">
<subfield code="$a">2317-0190</subfield>
</datafield>
<datafield tag="022" ind1="#" ind2="#">
<subfield code="$a">0104-7795</subfield>
</datafield>
<datafield tag="042" ind1=" " ind2=" ">
<subfield code="a">dc</subfield>
</datafield>
<datafield tag="245" ind1="0" ind2="0">
<subfield code="a">Concessão dos benefícios assistenciais para pessoas com paralisia cerebral no Brasil: tendência temporal e análise espacial</subfield>
</datafield>  <datafield tag="720" ind1="1" ind2=" ">
<subfield code="a">Peixoto, Marcus Valerius</subfield>
<subfield code="u">Universidade Federal de Sergipe</subfield><subfield code="0">http://lattes.cnpq.br/9985482925008609</subfield><subfield code="0">https://orcid.org/0000-0001-9047-5875</subfield></datafield>
<datafield tag="720" ind1="1" ind2=" ">
<subfield code="a">Gomes, Natan Tainá Pereira </subfield>
<subfield code="u">Universidade Federal de Sergipe</subfield></datafield>
<datafield tag="720" ind1="1" ind2=" ">
<subfield code="a">Sousa, Carla Suzanne Pereira</subfield>
<subfield code="u">Universidade Federal de Sergipe</subfield></datafield>
<datafield tag="720" ind1="1" ind2=" ">
<subfield code="a">Santos, Aline Matos dos</subfield>
<subfield code="u">Universidade Federal de Sergipe</subfield></datafield>
<datafield tag="720" ind1="1" ind2=" ">
<subfield code="a">Duque, Andrezza Marques </subfield>
<subfield code="u">Universidade Federal de Sergipe</subfield><subfield code="0">https://orcid.org/0000-0002-8775-1565</subfield></datafield>
<datafield tag="520" ind1=" " ind2=" ">
<subfield code="a"> Objetivo: Analisar a tendência temporal e distribuição espacial dos benefícios concedidos para as pessoas com Paralisia Cerebral. Método: Estudo ecológico em que foram incluídos os benefícios concedidos às pessoas com Paralisia Cerebral, nos períodos de 2004 a 2016, no Brasil. Os dados foram coletados do Instituto Nacional de Seguridade Social e Instituto Brasileiro de Geografia Estatística. Utilizou-se o software Join Point Regression, 4.5.0.1, sendo as tendências classificadas em decrescente; crescente e estacionária. Na distribuição espacial foi realizada Análise Exploratória de Dados Espaciais com o software QGIS versão 3.18. Resultados: Observou-se uma tendência decrescente do BPC do ano de 2004 até o ano de 2016, no Brasil. Na região Norte o número de concessões aumentou de 2004-2010, mas, após isso, houve um decréscimo. Já as regiões Sudeste, Sul e Centro Oeste apresentaram tendência decrescente em todo o período analisado. Na análise espacial, as regiões Norte e Nordeste apresentaram maior frequência de BPC proporcionalmente à população com pessoas até 19 anos, aos domicílios e às famílias com até um salário mínimo nas unidades federativas do Brasil. Conclusão: Foi possível observar a diminuição de concessões do BPC em todas as regiões do país no período de 2004 a 2016. As regiões que possuem os índices mais elevados de distribuição do BPC são Nordeste e Norte, reconhecidamente, as que possuem os maiores indicadores de pobreza e extrema pobreza do país. </subfield>
</datafield>
<datafield tag="260" ind1=" " ind2=" ">
<subfield code="b">Faculdade de Medicina, Universidade de São Paulo</subfield>
</datafield>
<dataField tag="260" ind1=" " ind2=" ">
<subfield code="c">2023-03-31 00:00:00</subfield>
</dataField>   <datafield tag="856" ind1=" " ind2=" ">
<subfield code="q">application/pdf</subfield>
</datafield>
<datafield tag="856" ind1="4" ind2="0">
<subfield code="u">https://www.revistas.usp.br/actafisiatrica/article/view/203003</subfield>
</datafield>  <datafield tag="786" ind1="0" ind2=" ">
<subfield code="n">Acta Fisiátrica; v. 30 n. 1 (2023)</subfield>
</datafield>  <datafield tag="546" ind1=" " ind2=" ">
<subfield code="a">por</subfield>
</datafield>   <datafield tag="540" ind1=" " ind2=" ">
<subfield code="a">Copyright (c) 2023 Acta Fisiátrica</subfield>
</datafield>
</record>
</metadata>
</record>