
<record>
<header>
<identifier>oai:revistas.usp.br:article/203711</identifier>
<datestamp>2022-10-21T14:55:11Z</datestamp>
<setSpec>actafisiatrica:Resumos+Exp.</setSpec>
<setSpec>driver</setSpec>
</header>
<metadata>
<record xmlns="http://www.loc.gov/MARC21/slim" xmlns:xsi="http://www.w3.org/2001/XMLSchema-instance" xsi:schemaLocation="http://www.loc.gov/MARC21/slim http://www.loc.gov/standards/marcxml/schema/MARC21slim.xsd">
<leader>     nmb a2200000Iu 4500</leader>
<controlfield tag="008">"210430 2021                        eng  "</controlfield>
<datafield tag="022" ind1="#" ind2="#">
<subfield code="$a">2317-0190</subfield>
</datafield>
<datafield tag="022" ind1="#" ind2="#">
<subfield code="$a">0104-7795</subfield>
</datafield>
<datafield tag="042" ind1=" " ind2=" ">
<subfield code="a">dc</subfield>
</datafield>
<datafield tag="245" ind1="0" ind2="0">
<subfield code="a">Decanoato de Nadrolona para osteoporose pós-menopausa: revisão com busca sistemática</subfield>
</datafield>  <datafield tag="720" ind1="1" ind2=" ">
<subfield code="a">Camara, Lucas Caseri</subfield>
<subfield code="u">Universidade Federal de São Paulo</subfield></datafield>
<datafield tag="720" ind1="1" ind2=" ">
<subfield code="a">Góis, Aecio Flavio Teixeira de</subfield>
<subfield code="u">Universidade Federal de São Paulo</subfield></datafield>
<datafield tag="720" ind1="1" ind2=" ">
<subfield code="a">Trevisani, Virginia Moça</subfield>
<subfield code="u">Universidade Federal de São Paulo</subfield></datafield>
<datafield tag="720" ind1="1" ind2=" ">
<subfield code="a">Civile, Vinicius</subfield>
<subfield code="u">Universidade Federal de São Paulo</subfield></datafield>
<datafield tag="720" ind1="1" ind2=" ">
<subfield code="a">Suzigan, Erika Magalhães</subfield>
<subfield code="u">Universidade do Oeste Paulista</subfield></datafield>
<datafield tag="520" ind1=" " ind2=" ">
<subfield code="a"> As fraturas osteoporóticas, em especial, as que ocorrem em decorrência das alterações pós-menopausa, têm a projeção de liderar as causas de dor, incapacidade, institucionalização e aumento da morbimortalidade até o ano de 2025; com expectativa de despender USD 25 bilhões. Visando o aumento da densidade óssea, diversas medicações estão sendo utilizadas: uma delas é o Decanoato de Nandrolona (DN). Apesar de evidências científicas prévias para o uso dessa droga, um esteróide anabólico, esta não está incluída nas opções de tratamentos recomendados. O Decanoato de Nandrolona (DN) age no aumento da densidade mineral óssea ao aumentar a atividade osteoblástica e diminuir atividade dos osteoclastos. </subfield>
</datafield>
<datafield tag="260" ind1=" " ind2=" ">
<subfield code="b">Faculdade de Medicina, Universidade de São Paulo</subfield>
</datafield>
<dataField tag="260" ind1=" " ind2=" ">
<subfield code="c">2021-04-30 00:00:00</subfield>
</dataField>   <datafield tag="856" ind1=" " ind2=" ">
<subfield code="q">application/pdf</subfield>
</datafield>
<datafield tag="856" ind1="4" ind2="0">
<subfield code="u">https://www.revistas.usp.br/actafisiatrica/article/view/203711</subfield>
</datafield>  <datafield tag="786" ind1="0" ind2=" ">
<subfield code="n">Acta Fisiátrica; v. 28 n. Supl.1 (2021)</subfield>
</datafield>  <datafield tag="546" ind1=" " ind2=" ">
<subfield code="a">por</subfield>
</datafield>   <datafield tag="540" ind1=" " ind2=" ">
<subfield code="a">Copyright (c) 2021 Acta Fisiátrica</subfield>
</datafield>
</record>
</metadata>
</record>