
<record>
<header>
<identifier>oai:revistas.usp.br:article/203734</identifier>
<datestamp>2022-10-21T20:42:16Z</datestamp>
<setSpec>actafisiatrica:Resumos+Exp.</setSpec>
<setSpec>driver</setSpec>
</header>
<metadata>
<record xmlns="http://www.loc.gov/MARC21/slim" xmlns:xsi="http://www.w3.org/2001/XMLSchema-instance" xsi:schemaLocation="http://www.loc.gov/MARC21/slim http://www.loc.gov/standards/marcxml/schema/MARC21slim.xsd">
<leader>     nmb a2200000Iu 4500</leader>
<controlfield tag="008">"210430 2021                        eng  "</controlfield>
<datafield tag="022" ind1="#" ind2="#">
<subfield code="$a">2317-0190</subfield>
</datafield>
<datafield tag="022" ind1="#" ind2="#">
<subfield code="$a">0104-7795</subfield>
</datafield>
<datafield tag="042" ind1=" " ind2=" ">
<subfield code="a">dc</subfield>
</datafield>
<datafield tag="245" ind1="0" ind2="0">
<subfield code="a">Protocolo assistencial para o tratamento da lombalgia crônica: projeto piloto</subfield>
</datafield>  <datafield tag="720" ind1="1" ind2=" ">
<subfield code="a">Mello, Grasiele Correa de</subfield>
<subfield code="u">Hospital Tacchini</subfield></datafield>
<datafield tag="720" ind1="1" ind2=" ">
<subfield code="a">Oliveira, Carla Ferro de</subfield>
<subfield code="u">Hospital Tacchini</subfield></datafield>
<datafield tag="720" ind1="1" ind2=" ">
<subfield code="a">Postal, Morgana</subfield>
<subfield code="u">Hospital Tacchini</subfield></datafield>
<datafield tag="520" ind1=" " ind2=" ">
<subfield code="a"> As doenças da coluna representam uma das maiores causas de morbidade e incapacidade laboral dentre os distúrbios que acometem o sistema musculoesquelético. As etiologias para essa queixa são variadas e podem ser de origem inflamatória, degenerativa, neoplásica, reumatológicas, posturais dentre outras , o que torna seu tratamento desafiador. Entretanto, a literatura demonstra que mais de 90% das lombalgias são de caráter inespecífico, ou seja, caracterizadas pela ausência de alterações estruturais como redução do espaço do disco, compressão de raiz nervosa, lesão óssea ou articular.  </subfield>
</datafield>
<datafield tag="260" ind1=" " ind2=" ">
<subfield code="b">Faculdade de Medicina, Universidade de São Paulo</subfield>
</datafield>
<dataField tag="260" ind1=" " ind2=" ">
<subfield code="c">2021-04-30 00:00:00</subfield>
</dataField>   <datafield tag="856" ind1=" " ind2=" ">
<subfield code="q">application/pdf</subfield>
</datafield>
<datafield tag="856" ind1="4" ind2="0">
<subfield code="u">https://www.revistas.usp.br/actafisiatrica/article/view/203734</subfield>
</datafield>  <datafield tag="786" ind1="0" ind2=" ">
<subfield code="n">Acta Fisiátrica; v. 28 n. Supl.1 (2021)</subfield>
</datafield>  <datafield tag="546" ind1=" " ind2=" ">
<subfield code="a">por</subfield>
</datafield>   <datafield tag="540" ind1=" " ind2=" ">
<subfield code="a">Copyright (c) 2021 Acta Fisiátrica</subfield>
</datafield>
</record>
</metadata>
</record>