
<record>
<header>
<identifier>oai:revistas.usp.br:article/203815</identifier>
<datestamp>2023-07-31T18:14:45Z</datestamp>
<setSpec>actafisiatrica:Art.+Orig.</setSpec>
<setSpec>driver</setSpec>
</header>
<metadata>
<record xmlns="http://www.loc.gov/MARC21/slim" xmlns:xsi="http://www.w3.org/2001/XMLSchema-instance" xsi:schemaLocation="http://www.loc.gov/MARC21/slim http://www.loc.gov/standards/marcxml/schema/MARC21slim.xsd">
<leader>     nmb a2200000Iu 4500</leader>
<controlfield tag="008">"230331 2023                        eng  "</controlfield>
<datafield tag="022" ind1="#" ind2="#">
<subfield code="$a">2317-0190</subfield>
</datafield>
<datafield tag="022" ind1="#" ind2="#">
<subfield code="$a">0104-7795</subfield>
</datafield>
<datafield tag="042" ind1=" " ind2=" ">
<subfield code="a">dc</subfield>
</datafield>
<datafield tag="245" ind1="0" ind2="0">
<subfield code="a">Programa de resistência muscular para membros inferiores melhora sarcopenia urêmica</subfield>
</datafield>  <datafield tag="720" ind1="1" ind2=" ">
<subfield code="a">Sampaio, Liliane Stawny</subfield>
<subfield code="u">Universidade do Contestado</subfield><subfield code="0">https://orcid.org/0000-0002-7839-5407</subfield></datafield>
<datafield tag="720" ind1="1" ind2=" ">
<subfield code="a">Campos, Renata</subfield>
<subfield code="u">Universidade do Contestado</subfield></datafield>
<datafield tag="520" ind1=" " ind2=" ">
<subfield code="a"> Insuficiência renal crônica (IRC) é caracterizada pela deterioração irreversível dos néfrons, que causa uma condição crônica com prejuízo do desempenho físico dos indivíduos, principalmente de membros inferiores (MMII), devido a sarcopenia urêmica e déficit de vitamina D. Objetivo: Avaliar a eficiência de um programa de resistência muscular para MMII de pacientes com IRC. Métodos: Cinco pacientes com IRC participaram do programa de reabilitação que ocorreu 30 minutos antes do início da hemodiálise (HD), duas vezes por semana, cada sessão teve duração de 20 minutos, totalizando 14 sessões, sendo a primeira e última, destinadas a avaliação. A intervenção consistiu de circuito funcional e exercícios resistidos, isotônicos de cadeia cinética aberta e fechada. Foi avaliado o teste de sentar e levantar em 30 segundos e teste de uma repetição máxima (1RM). Resultados: Após a aplicação, foi verificado que a força muscular pós (2,92 ± 1,10) foi estatisticamente maior que a pré (1,90 ± 1,29, p= 0,02), além de evidenciar que as variáveis da progressão da carga e força muscular pós, estão diretamente correlacionadas (r² 0,976, p= 0,005). O desempenho no teste de sentar e levantar em 30 segundos obteve diferença significativa pré (6,8 ± 2,28) e pós intervenção (10,4 ± 1,67, p= 0,004). Conclusão: O programa de resistência muscular de MMII foi eficaz, visto que aumentou o desempenho físico funcional com ganho de força e resistência muscular em pacientes em HD. </subfield>
</datafield>
<datafield tag="260" ind1=" " ind2=" ">
<subfield code="b">Faculdade de Medicina, Universidade de São Paulo</subfield>
</datafield>
<dataField tag="260" ind1=" " ind2=" ">
<subfield code="c">2023-03-31 00:00:00</subfield>
</dataField>   <datafield tag="856" ind1=" " ind2=" ">
<subfield code="q">application/pdf</subfield>
</datafield>
<datafield tag="856" ind1="4" ind2="0">
<subfield code="u">https://www.revistas.usp.br/actafisiatrica/article/view/203815</subfield>
</datafield>  <datafield tag="786" ind1="0" ind2=" ">
<subfield code="n">Acta Fisiátrica; v. 30 n. 1 (2023)</subfield>
</datafield>  <datafield tag="546" ind1=" " ind2=" ">
<subfield code="a">por</subfield>
</datafield>   <datafield tag="540" ind1=" " ind2=" ">
<subfield code="a">Copyright (c) 2023 Acta Fisiátrica</subfield>
</datafield>
</record>
</metadata>
</record>