
<record>
<header>
<identifier>oai:revistas.usp.br:article/204841</identifier>
<datestamp>2023-01-20T17:21:06Z</datestamp>
<setSpec>actafisiatrica:Resumos+Exp.</setSpec>
<setSpec>driver</setSpec>
</header>
<metadata>
<record xmlns="http://www.loc.gov/MARC21/slim" xmlns:xsi="http://www.w3.org/2001/XMLSchema-instance" xsi:schemaLocation="http://www.loc.gov/MARC21/slim http://www.loc.gov/standards/marcxml/schema/MARC21slim.xsd">
<leader>     nmb a2200000Iu 4500</leader>
<controlfield tag="008">"221130 2022                        eng  "</controlfield>
<datafield tag="022" ind1="#" ind2="#">
<subfield code="$a">2317-0190</subfield>
</datafield>
<datafield tag="022" ind1="#" ind2="#">
<subfield code="$a">0104-7795</subfield>
</datafield>
<datafield tag="042" ind1=" " ind2=" ">
<subfield code="a">dc</subfield>
</datafield>
<datafield tag="245" ind1="0" ind2="0">
<subfield code="a">Perfil clínico e funcional de pacientes com sequelas pós-Covid-19 de um centro de reabilitação física</subfield>
</datafield>  <datafield tag="720" ind1="1" ind2=" ">
<subfield code="a">Silva, Elaine Cristina da</subfield>
<subfield code="u">Centro de Medicina de Reabilitação Lucy Montoro de Santos</subfield></datafield>
<datafield tag="720" ind1="1" ind2=" ">
<subfield code="a">Souza, Rafaela Batista</subfield>
<subfield code="u">Centro de Medicina de Reabilitação Lucy Montoro de Santos</subfield></datafield>
<datafield tag="720" ind1="1" ind2=" ">
<subfield code="a">Oliveira, Juliana Aquino Freitas de</subfield>
<subfield code="u">Centro de Medicina de Reabilitação Lucy Montoro de Santos</subfield></datafield>
<datafield tag="720" ind1="1" ind2=" ">
<subfield code="a">Carneiro, Camila</subfield>
<subfield code="u">Centro de Medicina de Reabilitação Lucy Montoro de Santos</subfield></datafield>
<datafield tag="720" ind1="1" ind2=" ">
<subfield code="a">Matos, Celso Vilella</subfield>
<subfield code="u">Centro de Medicina de Reabilitação Lucy Montoro de Santos</subfield></datafield>
<datafield tag="520" ind1=" " ind2=" ">
<subfield code="a"> O novo coronavírus ou COVID-19 é um vírus altamente infeccioso que acomete principalmente o trato respiratório. Seu primeiro relato foi em 31 de dezembro de 2019 em Wuhan, província de Hubei na China e, desde então, evoluiu rapidamente para uma pandemia mundial. </subfield>
</datafield>
<datafield tag="260" ind1=" " ind2=" ">
<subfield code="b">Faculdade de Medicina, Universidade de São Paulo</subfield>
</datafield>
<dataField tag="260" ind1=" " ind2=" ">
<subfield code="c">2022-11-30 16:49:33</subfield>
</dataField>   <datafield tag="856" ind1=" " ind2=" ">
<subfield code="q">application/pdf</subfield>
</datafield>
<datafield tag="856" ind1="4" ind2="0">
<subfield code="u">https://www.revistas.usp.br/actafisiatrica/article/view/204841</subfield>
</datafield>  <datafield tag="786" ind1="0" ind2=" ">
<subfield code="n">Acta Fisiátrica; v. 29 n. Supl.1 (2022)</subfield>
</datafield>  <datafield tag="546" ind1=" " ind2=" ">
<subfield code="a">por</subfield>
</datafield>   <datafield tag="540" ind1=" " ind2=" ">
<subfield code="a">Copyright (c) 2022 Acta Fisiátrica</subfield>
</datafield>
</record>
</metadata>
</record>